@Book{mmd2011,
title = { Mining of massive datasets },
publisher = { Cambridge University Press },
year = { 2011 },
author = { Anand Rajaraman and Jeffrey David Ullman }
}
@Book{ssn1997,
title = { Simulation neuronaler Netze },
publisher = { Addison Wesley Longman Verlag },
year = { 1997 },
author = { Andreas Zell }
}
@Book{ifd2016,
title = { Image Feature Detectors and Descriptiors },
publisher = { Springer Verlag },
year = { 2016 },
author = { M. Hassaballah and Aly Amin Abdelmgeid and Hammam A. Alshazly }
}
@Book{sda2010,
title = { Stacked Denoising Autoencoders: Learning Useful Representations in
a Deep Network with a Local Denoising Criterion },
publisher = { Journal of Machine Learning Research },
year = { 2010 },
author = { Pascal Vincent and Hugo Larochelle and Isabelle Lajoie and Yoshua Bengio and Pierre-Antoine Manzagol }
}
@Book{dif2004,
title = { Distinctive Image Features from Scale-Invariant Keypoints },
publisher = { International Journal of Computer Vision },
year = { 2004 },
author = { David G. Lowe } 
}
@Book{mts2001,
title = { Modeling the Shape of the Scene: A Holistic Representation
of the Spatial Envelope },
publisher = { International Journal of Computer Vision },
year = { 2001 },
author = { Aude Olivia and Antonio Torralba }
}
@Book{lbp2002,
title = { Multiresolution gray-scale and rotation
invariant texture classification with Local Binary Patterns },
publisher = { IEEE Transactions on Pattern
Analysis and Machine Intelligence 24(7):971-987 },
year = { 2002 },
author = { Ojala T. and Pietik채inen M. and M채enp채채 T. }
}
@Book{hog2005,
title = { Histograms of Oriented Gradients for Human Detection },
publisher = { In CVPR'05 },
year = { 2005 },
author = { Navneet Dalal and Bill Triggs }
}
@phdthesis{aed2016,
title = { An Autoencoder-Based Image Descriptor for Image
Matching and Retrieval },
school = { Wright State University },
author = { Chenyang Zhao },
year = { 2016 },
type = {{PhD} Dissertation},
}